[gd_scene load_steps=13 format=2]

[ext_resource path="res://scenes/board_logic/controller/rewardscreens/ffa.gd" type="Script" id=1]
[ext_resource path="res://assets/textures/crate0/crate0_diffuse.png" type="Texture" id=2]
[ext_resource path="res://assets/textures/crate0/crate0_bump.png" type="Texture" id=3]
[ext_resource path="res://assets/textures/crate0/crate0_normal.png" type="Texture" id=4]
[ext_resource path="res://scenes/board_logic/controller/rewardscreens/background.png" type="Texture" id=5]

[sub_resource type="CubeMesh" id=1]
size = Vector3( 1, 1.25, 1 )

[sub_resource type="SpatialMaterial" id=7]
albedo_texture = ExtResource( 2 )
normal_enabled = true
normal_scale = 1.0
normal_texture = ExtResource( 4 )
depth_enabled = true
depth_scale = 0.05
depth_deep_parallax = false
depth_flip_tangent = false
depth_flip_binormal = false
depth_texture = ExtResource( 3 )
uv1_offset = Vector3( 0.5, 0.6, 0.5 )
uv1_triplanar = true

[sub_resource type="CubeMesh" id=3]
size = Vector3( 1, 1, 1 )

[sub_resource type="SpatialMaterial" id=2]
albedo_texture = ExtResource( 2 )
normal_enabled = true
normal_scale = 1.0
normal_texture = ExtResource( 4 )
depth_enabled = true
depth_scale = 0.05
depth_deep_parallax = false
depth_flip_tangent = false
depth_flip_binormal = false
depth_texture = ExtResource( 3 )
uv1_offset = Vector3( 0.5, 0.5, 0.5 )
uv1_triplanar = true

[sub_resource type="CubeMesh" id=4]
size = Vector3( 1, 0.75, 1 )

[sub_resource type="PanoramaSky" id=5]
panorama = ExtResource( 5 )

[sub_resource type="Environment" id=6]
background_mode = 2
background_sky = SubResource( 5 )

[node name="Spatial" type="Spatial"]
script = ExtResource( 1 )

[node name="Timer" type="Timer" parent="."]
wait_time = 5.0
autostart = true

[node name="Placement1" type="MeshInstance" parent="."]
editor/display_folded = true
transform = Transform( 1, 0, 0, 0, 1, 0, 0, 0, 1, 0, 0.125, 0 )
mesh = SubResource( 1 )
material/0 = SubResource( 7 )

[node name="Position" type="Position3D" parent="Placement1"]
transform = Transform( -1.62921e-07, 0, -1, 0, 1, 0, 1, 0, -1.62921e-07, 0, 0.6, 0 )

[node name="Placement2" type="MeshInstance" parent="."]
editor/display_folded = true
transform = Transform( 1, 0, 0, 0, 1, 0, 0, 0, 1, 0, 0, -1 )
mesh = SubResource( 3 )
material/0 = SubResource( 2 )

[node name="Position" type="Position3D" parent="Placement2"]
transform = Transform( -1.62921e-07, 0, -1, 0, 1, 0, 1, 0, -1.62921e-07, 0, 0.5, 0 )

[node name="Placement3" type="MeshInstance" parent="."]
editor/display_folded = true
transform = Transform( 1, 0, 0, 0, 1, 0, 0, 0, 1, 0, -0.125, 1 )
mesh = SubResource( 4 )
material/0 = SubResource( 2 )

[node name="Position" type="Position3D" parent="Placement3"]
transform = Transform( -1.62921e-07, 0, -1, 0, 1, 0, 1, 0, -1.62921e-07, 0, 0.4, 0 )

[node name="Placement4" type="MeshInstance" parent="."]
editor/display_folded = true
transform = Transform( 1, 0, 0, 0, 1, 0, 0, 0, 1, -1, 0, 0 )

[node name="Position" type="Position3D" parent="Placement4"]
transform = Transform( -1.62921e-07, 0, -1, 0, 1, 0, 1, 0, -1.62921e-07, 0, -0.2, 0 )

[node name="Camera" type="Camera" parent="."]
transform = Transform( -1.62921e-07, 0, -1, 0, 1, 0, 1, 0, -1.62921e-07, -3, 1, 0 )
environment = SubResource( 6 )

[node name="DirectionalLight" type="DirectionalLight" parent="."]
transform = Transform( -0.541675, 0.707107, -0.454519, 0.541675, 0.707107, 0.454519, 0.642788, 0, -0.766044, 0, 1.91365, 0 )

[connection signal="timeout" from="Timer" to="." method="_on_Timer_timeout"]
