[gd_scene load_steps=4 format=2]

[ext_resource path="res://assets/fonts/button_font.tres" type="DynamicFont" id=1]
[ext_resource path="res://scenes/sound_button/sound_button.tscn" type="PackedScene" id=2]
[ext_resource path="res://assets/fonts/button_font_small.tres" type="DynamicFont" id=3]

[node name="GridContainer" type="GridContainer"]
custom_constants/hseparation = 20
columns = 2

[node name="up" type="HBoxContainer" parent="."]
margin_right = 322.0
margin_bottom = 29.0

[node name="Label" type="Label" parent="up"]
margin_right = 238.0
margin_bottom = 29.0
rect_min_size = Vector2( 60, 0 )
custom_fonts/font = ExtResource( 1 )
text = "MENU_CONTROLS_DIR_UP"

[node name="Button" parent="up" instance=ExtResource( 2 )]
margin_left = 242.0
margin_right = 292.0
margin_bottom = 29.0
rect_min_size = Vector2( 50, 0 )
custom_fonts/font = ExtResource( 3 )

[node name="action1" type="HBoxContainer" parent="."]
margin_left = 342.0
margin_right = 656.0
margin_bottom = 29.0

[node name="Label" type="Label" parent="action1"]
margin_right = 260.0
margin_bottom = 29.0
rect_min_size = Vector2( 60, 0 )
custom_fonts/font = ExtResource( 1 )
text = "MENU_CONTROLS_ACTION_1"

[node name="Button" parent="action1" instance=ExtResource( 2 )]
margin_left = 264.0
margin_right = 314.0
margin_bottom = 29.0
rect_min_size = Vector2( 50, 0 )
custom_fonts/font = ExtResource( 3 )

[node name="left" type="HBoxContainer" parent="."]
margin_top = 33.0
margin_right = 322.0
margin_bottom = 62.0

[node name="Label" type="Label" parent="left"]
margin_right = 253.0
margin_bottom = 29.0
rect_min_size = Vector2( 60, 0 )
custom_fonts/font = ExtResource( 1 )
text = "MENU_CONTROLS_DIR_LEFT"

[node name="Button" parent="left" instance=ExtResource( 2 )]
margin_left = 257.0
margin_right = 307.0
margin_bottom = 29.0
rect_min_size = Vector2( 50, 0 )
custom_fonts/font = ExtResource( 3 )

[node name="action2" type="HBoxContainer" parent="."]
margin_left = 342.0
margin_top = 33.0
margin_right = 656.0
margin_bottom = 62.0

[node name="Label" type="Label" parent="action2"]
margin_right = 260.0
margin_bottom = 29.0
rect_min_size = Vector2( 60, 0 )
custom_fonts/font = ExtResource( 1 )
text = "MENU_CONTROLS_ACTION_2"

[node name="Button" parent="action2" instance=ExtResource( 2 )]
margin_left = 264.0
margin_right = 314.0
margin_bottom = 29.0
rect_min_size = Vector2( 50, 0 )
custom_fonts/font = ExtResource( 3 )

[node name="down" type="HBoxContainer" parent="."]
margin_top = 66.0
margin_right = 322.0
margin_bottom = 95.0

[node name="Label" type="Label" parent="down"]
margin_right = 268.0
margin_bottom = 29.0
rect_min_size = Vector2( 60, 0 )
custom_fonts/font = ExtResource( 1 )
text = "MENU_CONTROLS_DIR_DOWN"

[node name="Button" parent="down" instance=ExtResource( 2 )]
margin_left = 272.0
margin_right = 322.0
margin_bottom = 29.0
rect_min_size = Vector2( 50, 0 )
custom_fonts/font = ExtResource( 3 )

[node name="action3" type="HBoxContainer" parent="."]
margin_left = 342.0
margin_top = 66.0
margin_right = 656.0
margin_bottom = 95.0

[node name="Label" type="Label" parent="action3"]
margin_right = 260.0
margin_bottom = 29.0
rect_min_size = Vector2( 60, 0 )
custom_fonts/font = ExtResource( 1 )
text = "MENU_CONTROLS_ACTION_3"

[node name="Button" parent="action3" instance=ExtResource( 2 )]
margin_left = 264.0
margin_right = 314.0
margin_bottom = 29.0
rect_min_size = Vector2( 50, 0 )
focus_neighbour_left = NodePath("../../down/Button")
focus_previous = NodePath("../../down/Button")
custom_fonts/font = ExtResource( 3 )

[node name="right" type="HBoxContainer" parent="."]
margin_top = 99.0
margin_right = 322.0
margin_bottom = 128.0

[node name="Label" type="Label" parent="right"]
margin_right = 268.0
margin_bottom = 29.0
rect_min_size = Vector2( 60, 0 )
custom_fonts/font = ExtResource( 1 )
text = "MENU_CONTROLS_DIR_RIGHT"

[node name="Button" parent="right" instance=ExtResource( 2 )]
margin_left = 272.0
margin_right = 322.0
margin_bottom = 29.0
rect_min_size = Vector2( 50, 0 )
focus_neighbour_right = NodePath("../../action4/Button")
focus_next = NodePath("../../action4/Button")
custom_fonts/font = ExtResource( 3 )

[node name="action4" type="HBoxContainer" parent="."]
margin_left = 342.0
margin_top = 99.0
margin_right = 656.0
margin_bottom = 128.0

[node name="Label" type="Label" parent="action4"]
margin_right = 260.0
margin_bottom = 29.0
rect_min_size = Vector2( 60, 0 )
custom_fonts/font = ExtResource( 1 )
text = "MENU_CONTROLS_ACTION_4"

[node name="Button" parent="action4" instance=ExtResource( 2 )]
margin_left = 264.0
margin_right = 314.0
margin_bottom = 29.0
rect_min_size = Vector2( 50, 0 )
focus_neighbour_left = NodePath("../../right/Button")
focus_previous = NodePath("../../right/Button")
custom_fonts/font = ExtResource( 3 )

[node name="Spacer" type="Control" parent="."]
margin_top = 132.0
margin_right = 322.0
margin_bottom = 152.0
rect_min_size = Vector2( 0, 20 )

[node name="Spacer2" type="Control" parent="."]
margin_left = 342.0
margin_top = 132.0
margin_right = 656.0
margin_bottom = 152.0
rect_min_size = Vector2( 0, 20 )

[node name="ok" type="HBoxContainer" parent="."]
margin_top = 156.0
margin_right = 322.0
margin_bottom = 185.0

[node name="Label" type="Label" parent="ok"]
margin_right = 222.0
margin_bottom = 29.0
rect_min_size = Vector2( 60, 0 )
custom_fonts/font = ExtResource( 1 )
text = "MENU_LABEL_CONTINUE"

[node name="Button" parent="ok" instance=ExtResource( 2 )]
margin_left = 226.0
margin_right = 276.0
margin_bottom = 29.0
rect_min_size = Vector2( 50, 0 )
custom_fonts/font = ExtResource( 3 )

[node name="pause" type="HBoxContainer" parent="."]
margin_left = 342.0
margin_top = 156.0
margin_right = 656.0
margin_bottom = 185.0

[node name="Label" type="Label" parent="pause"]
margin_right = 189.0
margin_bottom = 29.0
rect_min_size = Vector2( 60, 0 )
custom_fonts/font = ExtResource( 1 )
text = "MENU_LABEL_PAUSE"

[node name="Button" parent="pause" instance=ExtResource( 2 )]
margin_left = 193.0
margin_right = 243.0
margin_bottom = 29.0
rect_min_size = Vector2( 50, 0 )
custom_fonts/font = ExtResource( 3 )
